@article{Theil,
  title={On Pure and Mixed Statistical Estimation in Economics},
  author={Henri Theil and Arthur S. Goldberger},
  journal={International Economic Review},
  year=1961,
  volume=2,
  pages={317-332}
}

@article{PriorsVAR,
    author = {Giannone, Domenico and Lenza, Michele and Primiceri, Giorgio E.},
    title = "{Prior Selection for Vector Autoregressions}",
    journal = {The Review of Economics and Statistics},
    volume = {97},
    number = {2},
    pages = {436-451},
    year = {2015}}

@article{Banbura,
author = {Banbura, M. and Giannone, D. and Reichlin, L.}, 
year = 2010, 
title = {Large {B}ayesian vector auto regressions}, 
journal = {Journal of Applied Econometrics}, 
Volume = 25, 
Number = 1, 
pages = {71-92}}

@book{Bauwens,
author = {Bauwens, L M and Lubrano, M and Richard, J F},
year = 1999, 
title = {Bayesian inference in dynamic econometric models}, 
address = {Oxford},
publisher = {Oxford University Press}} 

@Book{Mumtaz_BOOK,
  author={Andrew P Blake and Haroon Mumtaz},
  title={Applied Bayesian econometrics for central bankers},
  publisher={Centre for Central Banking Studies, Bank of England},
  year=2017,
  series={Technical Books},
  edition = {Revised},
  url = {https://www.bankofengland.co.uk/-/media/boe/files/ccbs/resources/applied-bayesian-econometrics-for-central-bankers-updated-2017.pdf}}

@manual{Blake,
author = {Blake, A P and Mumtaz, H}, 
year = 2012, 
title = {Applied Bayesian econometrics for central bankers}, 
publisher = {Centre for Central Banking Studies Technical Handbook - No. 4},
url = {http://www.bankofengland.co.uk/education/Documents/ccbs/technical_handbooks/pdf/techbook4.pdf}} 

@book{Canova, 
author = {Canova, F},
year = 2007,
title = {Methods for applied macroeconomic research}, 
address = {Princeton},
publisher = {Princeton University Press}}

@manual{Ciccarelli,
author = {Ciccarelli, M and Rebucci, A}, 
year = 2003, 
title = {Bayesian VARs: a survey of the recent literature with an application to the European Monetary System}, 
publisher = {IMF Working Paper WP/03/102},
url={http://www.imf.org/external/pubs/ft/wp/2003/wp03102.pdf}} 

@article{DeMol,
author = {De Mol, C, and Giannone, D and Reichlin, L},
year = 2008, 
title = {Forecasting using a large number of predictors: is Bayesian shrinkage a valid alternative to principal components?}, 
journal = {Journal of Econometrics},
volume = 146,
number = 2,
pages = {318-28}}

@article{DelNegro,
author = {Del Negro, M and Schorfheide, F},
year = 2004, 
title = {Priors from general equilibrium models for VARs},
journal = {International Economic Review},
volume = 45,
number =2, 
pages = {643-73}}

@article{Doan,
author = {Doan, T and Litterman, R and Sims, C A},
year = 1984, 
title = {Forecasting and conditional projection using realistic prior distributions},
journal = {Econometric Reviews},
volume = 3,
number =1,
pages = {1-100}} 

@article{Kadiyala,
author = {Kadiyala, K R and Karlsson, S},
year = 1997, 
title = {Numerical methods for estimation and inference in Bayesian VAR-models}, 
journal = {Journal of Applied Econometrics},
volume = 12, 
number =2,
pages = {99-132}}

@book{Kim,
author = {Kim, C-J and Nelson, C R},
year = 1999, 
title = {State-space models with regime switching},
address = {Cambridge, Mass},
publisher = {MIT Press}} 

@book{Koop,
author = {Koop, G, and Poirier, D J and Tobias, J L},
year = 2007, 
title = {Bayesian econometric methods},
address = {Cambridge, UK},
publisher = {Cambridge University Press}} 

@article{KK,
author = {Koop, G and Korobilis, D},
year = 2010, 
title = {Bayesian multivariate time series methods for empirical macroeconomics}, 
journal = {Foundations and Trends in Econometrics},
volume = 3, 
number = 4, 
pages = {267-358},
url = {http://personal.strath.ac.uk/gary.koop/koop_korobilis_Foundations_and_Trends_2010.pdf}}

@article{Litterman,
author = {Litterman, R},
year = 1986, 
title = {Forecasting with Bayesian vector autoregressions -- five years of experience}, 
journal = {Journal of Business \& Economic Statistics},
volume = 4, 
number = 1, 
pages = {25-38}} 

@article{Robertson,
author = {Robertson, J C and Tallman, E W},
year = 1999,
title = {Vector autoregressions: forecasting and reality}, 
journal = {Federal Reserve Bank of Atlanta Economic Review},
volume = 84, 
number =1, 
pages = {4-18},
url = {http://www.frbatlanta.org/filelegacydocs/robtallman.pdf}} 

@article{SimsZha98,
author = {Sims, C S and Zha, T A},
year = 1998, 
title = {Bayesian methods for dynamic multivariate models}, 
journal = {International Economic Review}, 
volume = 39, 
number = 4, 
pages = {949-68}} 

@article{SimsZha99,
author = {Sims, C S and Zha, T A},
year = 1999, 
title = {Error bands for impulse responses}, 
journal = {Econometrica}, 
volume = 67, 
number = 5, 
pages = {1113-1156}} 

@article{Waggoner,
author = {Waggoner, D F and Zha, T A},
year = 1999, 
title = {Conditional forecasts in dynamic multivariate models}, 
journal = {Review of Economics and Statistics}, 
volume = 80, 
number = 4, 
pages = {639-51}} 

@book{Zellner,
author = {Zellner, A},
year = 1971, 
title = {An introduction to {B}ayesian inference in econometrics}, 
address = {New York},
publisher = {Wiley}}

@article{Zha,
author = {Zha, T A},
year = 1998, 
title = {A dynamic multivariate model for use in formulating policy}, 
journal = {Federal Reserve Bank of Atlanta Economic Review},
volume = 83, 
number = 1, 
pages = {16-29}} 
