@book{BISSM,
title = {Bayesian Inference of State Space Models: Kalman Filtering and Beyond},
year = 2021,
series = {Springer Texts in Statistics},
author = {Kostas Triantafyllopoulos},
publisher = "Springer",
address = {Cham, Switzerland}}

@Article{eng1982,
  author =    "R. F. Engle",
  title =     "Autoregressive Conditional Heteroscedasticity with Estimates of the Variance of {U}nited {K}ingdom inflation",
  journal =   "Econometrica",
  year =      "1982",
  volume =    "50",
  number =    "4",
  pages =     "987--1007"
}


@ARTICLE{cms2005,
  author =  {T. Cogley and S. Morozov and T. J. Sargent},
  title =  {Bayesian fan charts for {UK} inflation: forecasting and sources of uncertainty in an evolving monetary system},
  journal =      {Journal of Economic Dynamics and Control},
  year =         2005,
  volume =       29,
  number =       11,
  pages =        {1891--1925}}

@article{CARTER01091994,
author = {Carter, C. K. and Kohn, R.}, 
title = {{On {G}ibbs sampling for state space models}}, 
volume = {81}, 
number = {3}, 
pages = {541-553}, 
year = {1994}, 
doi = {10.1093/biomet/81.3.541}, 
URL = {http://biomet.oxfordjournals.org/content/81/3/541.abstract}, 
journal = {Biometrika}
}

@book{TWA,
author = {Anderson, T.W.},
year = 2004,
title = {An introduction to multivariate statistical analysis},
edition = {3},
address = {New York},
publisher = {John Wiley and Sons}}

@article{Marginal,
title= {Marginal Likelihood from the Gibbs Output},
author = {Siddhartha Chib},
journal = {Journal of the American Statistical Association}, 
Volume = 90, 
Number = 432,
year = 1995, 
pages = {1313-1321}}

@book{DJD,
title = {Structural Macroeconometrics},
author = {David N. De{J}ong and Chetan Dave},
Publisher = {Princeton University Press},
address = {Princeton, N.J.},
Edition = "second",
year = 2011}}


@Article{HJ,
  author={Harvey, A C and Jaeger, A},
  title={Detrending, Stylized Facts and the Business Cycle},
  journal={Journal of Applied Econometrics},
  year=1993,
  volume=8,
  number=3,
  pages={231-47}
}

@book{Jazwinski,
title = {Stochastic Processes and Filtering Theory},
author = {Andrew H. Jazwinski},
Publisher = {Dover Publications Inc.},
address = {Mineola, N.Y.},
note    = {Republished 2007},
year = 1970}}

@book{Canova07,
title = {Methods for Applied Macroeconomic Research},
author = {Fabio Canova},
year = 2007,
publisher = {Princeton University Press},
address = {Princeton, NJ}}

@article{Ferroni,
author = {Ferroni, Filippo},
year = 2011,
title = {Trend Agnostic One-Step Estimation of {DSGE} Models},
journal = {The B.E. Journal of Macroeconomics: Advances},
Volume = 11,
number = 1,
note = {Article 25}}

@book{Koop03,
author = {Koop, Gary},
year = 2003,
title = {Bayesian Econometrics},
publisher = {Wiley}}

@book{Albert,
author = {Jim Albert},
year = 2007,
title = {Bayesian Computation with {R}},
publisher = {Springer},
url={https://bayesball.github.io/bcwr/index.html}}

@book{Zellner71,
title = {An introduction to {B}ayesian inference in econometrics},
author = {Arnold Zellner},
publisher = {Wiley},
address = {New York, NY},
year = 1971}

@book{Bauwens,
title = {Bayesian Inference in Dynamic Econometric Models},
year = 1999,
author = {Luc Bauwens and Michel Lubrano and Jean-Fran\c{c}ois Richard},
publisher = {Oxford University Press},
address = {Oxford},
Series  = {Advanced Texts in Econometrics}}


@Article{Andrews,
  author =  {D.W.K. Andrews},
  year  =   1993,
  title=    {Tests for Parameter Instability and Structural Change with an Unknown Change Point},
  journal = {Econometrica},
  number =  {},
  volume =  61,
  pages =   {821--856}
}

@Article{Chow,
  author =  {G.C. Chow},
  year  =   1960,
  title=    {Tests of Equality Between Sets of Coefficients in Two Linear Regression Models},
  journal = {Econometrica},
  number =  {},
  volume =  28,
  pages =   {591--605}
}

@Article{Hansen,
  author =  {Bruce E. Hansen},
  year  =   1992,
  title=    {Tests for Parameter Instability in Regressions with $I(1)$ Processes},
  journal = {Journal of Business and Economic Statistics},
  number =  {},
  volume =  10,
  pages =   {321--335}
}

@Article{Ramsey,
  author =  {J. B. Ramsey},
  year =    1969,
  title =   {Tests for Specification Errors in Classical Linear Least Squares Regression Analysis},
  journal = {Journal of the Royal Statistical Society Series B},
  volume =  31,
  number =  {},
  pages =   {350--371}
}

@Article{Yule,
  author =    "Yule, G. Udny",
  title =     "Why do we sometimes get Nonsense-Correlations between Time-Series?---{A} Study in Sampling and the Nature of Time-Series",
  journal =   "Journal of the Royal Statistical Society",
  year =      1926,
  volume =    89,
  number =    1,
  pages =     "1-69"
}

@Article{ehr1983,
  author =    "R. F. Engle and D. F. Hendry and J.F. Richard",
  title =     "Exogeneity",
  journal =   "Econometrica",
  year =      1983,
  volume =    51,
  pages =     "277-304"
}

@Article{bol1992,
  author =    "T. Bollerslev and R. Y. Chou and K. F. Kroner",
  title =     "{ARCH} Modelling in Finance: A  Review of the Theory and Empirical Evidence",
  journal =   "Journal of Econometrics",
  year =      1992,
  volume =    52,
  number =    "1-2",
  pages =     "5--60"
}

@InCollection{bol1994,
  author =    "T. Bollerslev and R. F. Engle and D. B. Nelson",
  title =     "{ARCH} Models",
  booktitle = "Handbook of Econometrics",
  publisher = "North Holland",
  year =      1994,
  editor =    "R. F. Engle and D. McFadden",
  volume =    4}

@InCollection{lucas76,
  author =    "R.E. Lucas",
  title =     "Econometric Policy Evaluation: A Critique",
  booktitle = "The Phillips Curve and Labor Markets",
  publisher = "North Holland: Amsterdam",
  series =    "Carnegie-Rochester Conferences on Public Policy",
  volume =    1,
  year =      1976,
  editor =    "K.L. Brunner and A. Meltzer",
  pages =     "19--46"
}

@Article{ber1993,
  author =    "A. K. Bera and M. L. Higgins",
  title =     "{ARCH} Models: Properties, Estimation and Testing",
  journal =   "Journal of Economic Surveys",
  year =      "1993",
  volume =    "7",
  number =    "4",
  pages =     "305--366"
}

@Article{peg1999,
  author =    "A. Peguin-Feissolle",
  title =     "A Comparison of the Power of Some Tests for Conditional Heteroscedasticity",
  journal =   "Economics Letters",
  year =      "1999",
  volume =    "63",
  number =    "",
  pages =     "5--17"
}

@Unpublished{kam1993,
  author =    "M. Kamstra",
  title =     "A Neural Network Test for Heteroscedasticity",
  note =      "Working Paper, Simon Fraser University, Burnaby, Canada",
  year =      "1993"
}


@Article{whi1993,
  author =    {T. H. Lee and H. White and C. W. J. Granger},
  title =     {Testing for Neglected Nonlinearity in Time Series Models: A Comparison of Neural Network Methods and Alternative Tests},
  journal =   {Journal of Econometrics},
  year =      {1993},
  volume =    {56},
  pages =     {269--290}
}

@book{cam1997,
  author =    "J. Y. Campbell and A. W. Lo and A. C. MacKinlay",
  year =      "1993",
  title =     "The Econometrics of Financial Markets",
  publisher = "Princeton University Press"
}

@book{Klein1950,
  author =    "L. Klein",
  year =      "1950",
  title =     "Economic Fluctuations in the United States 1921--1941",
  publisher = "New York: Wiley"
}

@Article{dav1998,
  author =    {Russell Davidson and James G. MacKinnon},
  title =     {Graphical Methods for Investigating the Size and Power of Hypothesis Tests},
  journal =   {The Manchester School},
  year =      {1998},
  volume =    {66},
  pages =     {1--26}
}

@book{Maddala1992,
  author =    "G.S. Maddala",
  year =      "1992",
  title =     "Introduction to Econometrics",
  edition =   "second",
  publisher = "Prentice Hall International"
}

@book{Johnston1991,
  author =    "J. Johnston",
  year =      "1991",
  title =     "Econometric Methods",
  edition =   "third",
  publisher = "McGraw Hill"
}

@book{Johnston1997,
  author =    "Jack Johnston and John DiNardo",
  year =      "1997",
  title =     "Econometric Methods",
  edition =   "fourth",
  publisher = "McGraw Hill"
}

@book{Mood1974,
  author =    "Alexander M. Mood and Franklin A. Graybill and Duane C. Boes",
  year =      "1974",
  title =     "Introduction to the Theory of Statistics",
  edition =   "third",
  publisher = "McGraw Hill"
}

@book{KimNelson,
  author =    "Chang-Jin Kim and Charles R. Nelson",
  year =      "1999",
  title =     "State-Space Models with Regime Switching: Classical
               and Gibbs-Sampling Approaches with Applications",
  publisher = "MIT Press"
}

@book{Gujarati1995,
  author =    "Damodar N. Gujarati",
  year =      "1995",
  title =     "Basic Econometrics",
  edition =   "third",
  publisher = "McGraw Hill"
}

@book{MaddKim98,
  author =    "G.S. Maddala and Im-Moo Kim",
  year =      "1998",
  title =     "Unit Roots, Cointegration, and Structural Change",
  publisher = "Cambridge University Press",
  address =   "Cambridge"
}

@book{EATS,
  author =    "Andrew C. Harvey",
  year =      "1990",
  title =     "The Econometric Analysis of Time Series",
  edition =   "second",
  publisher = "Philip Allan"
}

@book{Hendry1995,
  author =    "David F. Hendry",
  year =      "1995",
  title =     "Dynamic Econometrics",
  address   = {Oxford},
  publisher = "Oxford University Press"
}

@book{Hamilton1994,
  author =    "J.D. Hamilton",
  year =      "1994",
  title =     "Time Series Analysis",
  publisher = "Princeton University Press",
  address =   "Princeton, NJ"
}

@book{Green1997,
  author =    "William H. Greene",
  year =      "1997",
  title =     "Econometric Analysis",
  edition =   "third",
  publisher = "McGraw Hill"
}

@book{DM1993,
  author =    "Russell Davidson and James G. MacKinnon",
  year =      "1993",
  title =     "Estimation and Inference in Econometrics",
  address   = {Oxford},
  publisher = "Oxford University Press"
}

@book{Judge1988,
  author =    "G. Judge and R.C. Hill and W.E. Griffiths and H. {L\"{u}tkepol} and T.C. Lee",
  year =      "1988",
  title =     "Introduction to the Theory and Practice of Econometrics",
  edition =   "second",
  address = {Chichester},
  publisher = "John Wiley \& Sons"
}

@book{Mfit1997,
  author =    "M. Hashem Pesaran and Bahram Pesaran",
  year =      "1997",
  title =     "Working with Microfit 4.0: Interactive Econometric Analysis",
  address   = {Oxford},
  publisher = "Oxford University Press"
}

@book{HenDor1999,
  author =    "David F. Hendry and Jurgen A. Doornik",
  year =      "1999",
  title =     "Empirical Econometric Modelling Using PcGive",
  edition =   "second",
  publisher = "Timberlake Consultants Press",
  address =   "London"
}

@book{Doornik1998,
  author =    "Jurgen A. Doornik",
  year =      "1998",
  title =     "Ox: An Object-Oriented Matrix Language",
  edition =   "second",
  publisher = "Timberlake Consultants Press",
  address =   "London"
}

@book{DDO1998,
  author =    "Jurgen A. Doornik and Gerrit Draisma and M. Ooms",
  year =      "1998",
  title =     "Introduction to Ox",
  publisher = "Timberlake Consultants Press",
  address =   "London"
}

@Book{BoE1999,
  author =    "Ban{k of E}ngland",
  year =      "1999",
  title =     "Economic Models at the Bank of England",
  publisher = "Bank of England",
  address =   "London"
}

@book{EngGra91,
  editor =    "Robert F. Engle and Clive W.J. Granger",
  year =      "1991",
  title =     "Long-Run Economic Relationships: Readings in Cointegration",
  address   = {Oxford},
  publisher = "Oxford University Press"
}

@book{HenWal1991,
  editor =    "David F. Hendry and Kenneth F. Wallis",
  year =      "1984",
  title =     "Econometrics and Quantitative Economics",
  address   = {Oxford},
  publisher = "Basil Blackwell"
}

@Article{HenMiz1978,
  author =    "David F. Hendry and Grayham E. Mizon",
  title =     "Serial Correlation as a Convenient Simplification, Not a Nuisance: A Comment on a Study for the Demand for Money by the Bank of England",
  journal =   "Economic Journal",
  year =      "1978",
  volume =    "88",
  number =    "351",
  pages =     "549-563"
}

@Article{GrangerNewbold,
title  = {Spurious regressions in econometrics},
author = {C. W. J. Granger and P. Newbold},
journal = {Journal of Econometrics},
Volume = 2,
number = 2,
year = 1974,
Pages = "111-120"}

@Article{Entorf,
title  = {Random walks with drifts: Nonsense regression and spurious fixed-effect estimation},
author = {Horst Entorf},
journal = {Journal of Econometrics},
Volume = 80,
number = 2,
year = 1997,
Pages = "287-296"}

@Article{Phillips,
title  = {Understanding spurious regressions in econometrics },
author = {P.C.B. Phillips},
journal = {Journal of Econometrics},
Volume = 33,
number = 3,
year = 1986,
Pages = "311-340"}


@Book{Press92,
  author =    {W.H. Press and S.A. Teukolsky and W.T. Vetterling and B.P. Flannery},
  title =     {Numerical Recipes in C: The Art of Scientific Computing},
  edition =   {Second},
  publisher = {Cambridge University Press},
  address =   "Cambridge",
  year =      {1992}
}

@Article{EG87,
  author =   {R.F. Engle and C.W.J. Granger},
  title =    {Co-integration and Error Correction: Representation, Estimation, and Testing},
  year =     {1987},
  journal =  {Econometrica},
  volume =   {55},
  number =   {2},
  pages =    {251-276}
}

@Article{Sims80,
  author =   {C. Sims},
  title =    {Macroeconomics and Reality},
  year =     {1980},
  journal =  {Econometrica},
  volume =   {48},
  number =   {},
  pages =    {1-48}
}

@Article{EYoo87,
  author =   {R.F. Engle and B.S. Yoo},
  title =    {Forecasting and Testing in Cointegrated Systems},
  year =     {1987},
  journal =  {Journal of Econometrics},
  volume =   {35},
  number =   {},
  pages =    {143-159}
}

@Incollection{McK91,
  author =    {J.G. McKinnon},
  title =     {Critical Values for Cointegration Tests},
  editor =    {R.F. Engle and C.W.J. Granger},
  booktitle = {Long-Run Economic Relationships},
  address   = {Oxford},
  publisher = {Oxford University Press},
  year =      {1991},
  chapter =   {14},
  pages =     {267-276}
}

@book{eviews,
title = {Using EViews for Principles of Econometrics},
author = {William E. Griffiths and R. Carter Hill and Guay C. Lim},
publisher = {John Wiley \& Sons},
address = {Chichester},
Edition = {third},
year = 2008}

@book{Asteriou,
year = 2007,
title = {Applied Econometrics: A Modern Approach Using {E}views and {M}icrofit},
Author = {Dimitrios Asteriou and Stephen G. Hall},
edition = {Revised},
publisher = {Palgrave McMillan}}

@Article{KPSS,
  author =  {D. Kwiatkowski and P.C.B. Phillips and P. Schmidt and Y. Shin},
  title =   {Testing the Null Hypothesis of Stationarity Against the Alternative of a Unit Root},
  year =    {1992},
  journal = {Journal of Econometrics},
  volume =  {54},
  number =  {},
  pages =   {159-178}
}

@Article{Ban,
  author =  {A. Banerjee and J.J. Dolado and D.F. Hendry and G.W. Smith},
  title =   {Exploring Equilibrium Relationships Through Static Models: Some Monte Carlo Evidence},
  year =    {1986},
  journal = {Oxford Bulletin of Economics and Statistics},
  volume =  {48},
  number =  {},
  pages =   {253-278}
}

@Article{NeweyWest,
  author =  {W.K. Newey and K.D. West},
  title =   {A Simple Positive Semi-definite Heteroskedasticity and Auto-correlation Consistent Covariance Estimator},
  year =    {1992},
  journal = {Econometrica},
  volume =  {55},
  number =  {},
  pages =   {703-708}
}

@Article{DF79,
  author =  {D. Dickey and W. Fuller},
  title =   {Distribution of the Estimators for Autoregressive Time Series with a Unit Root},
  year =    {1979},
  journal = {Journal the American Statistical Association},
  volume =  {74},
  number =  {},
  pages =   {427--431}
}

@Article{Johansen,
  author =  {S. Johnsen},
  title =   {Statistical Analysis of Cointegration Vectors},
  year =    {1988},
  journal = {Journal of Economic Dynamics and Control},
  volume =  {12},
  number =  {},
  pages =   {131--254}
}

@book{Johansen95,
  author =    "Soren Johansen",
  year =      1995,
  title =     "Likelihood-Based Inference in Cointegrated Vector Autoregressive Models",
  address   = {Oxford},
  publisher = "Oxford University Press"
}

@article{Driver,
title = {Whatever Happened to {G}oldilocks? {T}he Role of Expectations in
         Estimates of the {NAIRU} in the {US} and the {UK}},
author = {Rebecca Driver and Jennifer Greenslade and Richard Pierse},
journal = {Oxford Bulletin of Economics and Statistics},
year = 2006,
Volume =  68,
number = 1,
pages = {45-79}}

@article{Batini,
title = {Measuring the {UK} Short-Run {NAIRU}},
author = {Nicoletta Batini and Jennifer Greenslade},
journal = {Oxford Economic Papers},
year = 2006,
Volume = 58,
Number = 1,
pages = {28-49}}

@BOOK{Hamilton,
  title = {Time Series Analysis},
  publisher = {Princeton University Press},
  year = {1994},
  author = {Hamilton, James D.},
  address = {Princeton, NJ},
}

@Book{CHT92,
  author =    {Keith Cuthbertson and Stephen G. Hall and Mark P. Taylor},
  year =      {1992},
  title =     {Applied Econometric Techniques},
  publisher = {Philip Allan},
  address =   {Hemel Hempstead, Hertfordshire}
}

@Article{KSD,
  author =  {Siem Jan Koopman and Neil Shephard and Jurgen A. Doornik},
  year =    {1999},
  title =   {Statistical Algorithms for Models in State Space using Ssfpack 2.2},
  journal = {Econometrics Journal},
  volume =  {2},
  number =  {},
  pages =   {107--160}
}

@book{Gourieroux,
author    = "Gourieroux, Christian and Monfort, Alain",
year      = 1997,
title     =  "Time Series and Dynamic Models",
publisher = "Cambridge University Press",
address   = {Cambridge}}

@book{TSM,
  author =    {Andrew C. Harvey},
  year =      {1993},
  title =     {Time Series Models},
  edition =   {second},
  publisher = {Harvester Wheatsheaf},
  address =   {Hemel Hempstead}
}

@book{Aoki,
author={Aoki, M.},
year={1987},
title={State Space Modeling of Time Series},
publisher={Springer-Verlag}}

@article{Haldane,
author = {A. G. Haldane and S. G. Hall},
title = {Sterling's Relationship with the {D}ollar and the {D}eutschemark: 1976-89},
journal = {The Economic Journal},
volume = 101,
number = 406,
year = 1991,
pages = {436-443}}

@article{Schweppe,
  author = {F. C. Schweppe},
  title = {Evaluation of Likelihood Functions for Gaussian Signals},
  journal = {IEEE Transactions on Information Theory},
  year = {1965},
  volume = {IT-11},
  pages = {61-70},
  number = {1}}

@Article{HarveyPierse,
  author =  {Andrew C. Harvey and Richard G. Pierse},
  year =    {1984},
  title =   {Estimating Missing Observations in Economic Time Series},
  journal = {Journal of the American Statistical Association},
  volume =  {79},
  number =  {385},
  pages =   {125--131}
}

@article{Kalman,
  author = {R. E. Kalman},
  title = {A New Approach to Linear Filtering and Prediction Problems},
  journal = {Transactions of the ASME Journal of Basic Engineering},
  year = {1960},
  volume = {82},
  pages = {35-45},
  number = {Series D}}

@BOOK{Harvey89,
  author    = {Andrew C. Harvey},
  year      = {1989},
  title     = {Forecasting, Structural Time Series Models and the Kalman Filter},
  address   = {Cambridge},
  publisher = {Cambridge University Press}
}

@BOOK{Durbin,
  author    = {J. Durbin and S. J. Koopman},
  year      = {2001},
  title     = {Time Series Analysis by State Space Methods},
  address   = {Oxford},
  publisher = {Oxford University Press}
}

@BOOK{HandMat,
  title = {Handbook of Matrices},
  publisher = {John Wiley \& Sons Ltd},
  year = {1996},
  author = {Helmut L{\"u}tkepohl},
  address = {Chichester}
}


@article{Buse,
     title = {The {L}ikelihood {R}atio, {W}ald, and {L}agrange {M}ultiplier Tests: An Expository Note},
     author = {Buse, A.},
     journal = {The American Statistician},
     volume = {36},
     number = {3},
     pages = {153--157},
     url = {http://www.jstor.org/stable/2683166},
     ISSN = {00031305},
     abstract = {By means of simple diagrams this note gives an intuitive account of the likelihood ratio, the Lagrange multiplier, and Wald test procedures. It is also demonstrated that if the log-likelihood function is quadratic then the three test statistics are numerically identical and have χ2 distributions for all sample sizes under the null hypothesis.},
     publisher = {American Statistical Association},
     year = {1982},
}

@article{CK1994,
title = {On {G}ibbs Sampling for State Space Models},
Author = {C. K. Carter and R. Kohn},
journal = {Biometrika},
Volume =  81,
Number = 3,
year = 1994,
pages = {541-553}}


@article{BlakeByrne,
author = {Blake, A. P. and J. P. Byrne},
year = 2002,
title = {Sterling, the Euro and the Dollar},
journal = {National Institute Economic Review},
volume = 181,
pages = {44-46}}

@ARTICLE{HodPres,
  author = {R.J. Hodrick and E.C. Prescott},
  year = 1997,
  title = {Postwar {U.S.} Business Cycles: An Empirical Investigation},
  journal = {Journal of Money, Credit, and Banking},
  volume = 29,
  number = 1,
  pages = {1--16}
}

@Article{HarveyJaeger,
  author =  {Andrew C. Harvey and A. Jaeger},
  year =    {1993},
  title =   {Detrending, Stylised Facts and the Business Cycle},
  journal = {Journal of Applied Econometrics},
  volume =  {8},
  number =  {3},
  pages =   {231-247}
}

@book{Jacobs,
  author =    {O.L.R. Jacobs},
  year =      {1993},
  title =     {Introduction to Control Theory},
  address =   {Oxford},
  edition =   {second},
  publisher = {Oxford University Press}
}

@techreport{GPS,
title = "A Kalman filter approach to estimating the {UK} {NAIRU}",
institution = {Bank of England},
Series = {Working Paper},
number = 179,
year = 2003,
author = {J. V. Greenslade and Richard Pierse and J. Salaheen}}


@article{Smets,
author  = {Smets, F.},
year    = 2002,
title   = {Output gap uncertainty: {D}oes it matter for the {T}aylor rule?},
journal = {Empirical Economics},
volume  = 27,
number  = 1,
pages   = {113-129}}

@article{SSW,
author  = {Staiger, D. and J. H. Stock and M. W. Watson},
year    = 1997,
title   = {The {NAIRU}, unemployment, and monetary policy},
journal = {Journal of Economic Perspectives},
volume  = 11,
number  = 1,
pages   = {33-49}}

@Article{EfronJASA,
  author =  {Bradley Efron},
  title =   {Bayesians, Frequentists, and Scientists},
  year =    {2005},
  journal = {Journal the American Statistical Association},
  volume =  {100},
  number =  {469},
  pages =   {1-5}
}

@book{Fisher,
title = {Statistical methods for research workers},
author = {Ronald A. Fisher},
year = 1925,
address = {Edinburgh},
publisher = {Oliver and Boyd},
URL = {http://psychclassics.yorku.ca/Fisher/Methods/}}

@article{Fanchart,
title = {The Inflation Report Projections: Understanding the Fan Chart},
author = {Erik Britton and Paul Fisher and John Whitley},
journal = {Bank of England Quarterly Bulletin},
number = {February},
year = {1998},
pages = {30-37}}

@article{ECBnotes,
author = {Cabrero, A. and Camba-Mendez, G. and  Hirsch, A. and Nieto, F.},
year = 2009,
title = {Modelling the daily banknotes in circulation in the context of the liquidity management of the {E}uropean {C}entral {B}ank},
journal = {Journal of Forecasting},
volume = 28,
number = 3,
pages = {194-217}}

@article{HKR,
author = {Harvey, A. C. and S. J. Koopman and M. Riani},
year = 1997,
title = {The modeling and seasonal adjustment of weekly observations},
journal = {Journal of Business and Economic Statistics},
volume = 15,
pages = {354-368}}


@BOOK{KN99,
  author = {C-J. Kim and C. R. Nelson},
  year = 1999,
  title = {State-space models with regime switching},
  publisher = {MIT Press},
  address = {Cambridge, Massachusetts}}

@BOOK{koop03,
  author = {Gary Koop},
  year = 2003,
  title = {Bayesian Econometrics},
  publisher = {Wiley}
}

@book{BEM,
author = {J. Chan and G. Koop and D.J. Poirier and J.L. Tobias},
year = 2019,
title = {Bayesian Econometric Methods},
edition = {2nd}, 
address = {Cambridge}, 
publisher = {Cambridge University Press}}

@Book{Norat,
  author={Mohamed Afzal Norat},
  title={Forecasting banknotes},
  publisher={Centre for Central Banking Studies, Bank of England},
  year=2008,
  number={28},
  series={Handbooks},
  url={http://ideas.repec.org/b/ccb/hbooks/28.html}
}

@book{Lee,
author = {Peter N. Lee },
year = 2012,
title = {Bayesian Statistics: An Introduction}, 
publisher = {Hodder-Arnold},
edition = {fourth}}


